<?xml version="1.0" encoding="UTF-8"?><collection xmlns="http://www.loc.gov/MARC21/slim"><record><leader>00465nam--2200181-u-4500</leader><controlfield tag="001">000052551</controlfield><controlfield tag="002">20161230</controlfield><controlfield tag="005">20161230201050</controlfield><controlfield tag="008">100907s1000------------r-----000-0-rus-d</controlfield><datafield ind1=" " ind2=" " tag="040"><subfield code="a">IFIN-HH</subfield></datafield><datafield ind1=" " ind2=" " tag="041"><subfield code="a">rus</subfield></datafield><datafield ind1=" " ind2=" " tag="080"><subfield code="a">533.6.011.72</subfield></datafield><datafield ind1="1" ind2=" " tag="100"><subfield code="a">Sugaev, F.V</subfield></datafield><datafield ind1="1" ind2="0" tag="245"><subfield code="a">Vzaimodeistbie udarih voln s vozmuseniiami</subfield><subfield code="c">F.V. Sugaev</subfield></datafield><datafield ind1=" " ind2=" " tag="260"><subfield code="a">Moskva</subfield><subfield code="b">Moskovskogo Universiteta</subfield><subfield code="c">1983</subfield></datafield><datafield ind1=" " ind2=" " tag="300"><subfield code="a">96 p</subfield></datafield><datafield ind1=" " ind2=" " tag="852"><subfield code="a">70978</subfield><subfield code="c">533.6</subfield></datafield><datafield ind1=" " ind2=" " tag="CAT"><subfield code="a">Sys</subfield><subfield code="c">20100907</subfield><subfield code="h">132743</subfield></datafield></record></collection>